%% This BibTeX bibliography file was created using BibDesk.
%% https://bibdesk.sourceforge.io/

%% Created for KeV at 2020-11-27 19:41:27 -0800 


%% Saved with string encoding Unicode (UTF-8) 



@book{Wunsh.A-Complex-Variables-2005,
	author = {A. David Wunsh},
	date-added = {2020-11-27 19:38:36 -0800},
	date-modified = {2020-11-27 19:40:50 -0800},
	edition = {3},
	keywords = {Complex; Analysis},
	publisher = {Pearson},
	title = {Complex Variables with Applications},
	year = {2005}}

@book{Ross.K-Elementary-Analysis-2013,
	author = {Kenneth A. Ross},
	date-added = {2020-11-10 19:02:19 -0800},
	date-modified = {2020-11-10 19:07:57 -0800},
	edition = {2},
	keywords = {Real; Analysis},
	publisher = {Springer},
	title = {Elementary Analysis},
	year = {2013}}

@book{Brown.J;Churchill.R-Complex-Variables-2014,
	author = {James Ward Brown and Ruel V. Churchill},
	date-added = {2020-11-10 18:30:36 -0800},
	date-modified = {2020-11-10 19:10:28 -0800},
	edition = {9},
	keywords = {Complex; Analysis},
	publisher = {McGraw-Hill Education},
	title = {Complex Variables and Applications},
	year = {2014}}
